@article{Alvarez-Idaboy2006,
author = {Alvarez-Idaboy, J. Ra{\'{u}}l and Reyes, Lino and Cruz, Juli{\'{a}}n},
doi = {10.1021/ol060261z},
issn = {1523-7060},
journal = {Organic Letters},
month = {apr},
number = {9},
pages = {1763--1765},
title = {{A New Specific Mechanism for the Acid Catalysis of the Addition Step in the Baeyer−Villiger Rearrangement}},
url = {http://pubs.acs.org/doi/abs/10.1021/ol060261z},
volume = {8},
year = {2006}
}
@article{Lv2015,
author = {Lv, Hai-Ning and Wang, Shu and Zeng, Ke-Wu and Li, Jun and Guo, Xiao-Yu and Ferreira, Daneel and Zjawiony, Jordan K. and Tu, Peng-Fei and Jiang, Yong},
doi = {10.1021/np500861u},
issn = {0163-3864},
journal = {Journal of Natural Products},
month = {feb},
number = {2},
pages = {279--285},
title = {{Anti-inflammatory Coumarin and Benzocoumarin Derivatives from Murraya alata}},
url = {http://pubs.acs.org/doi/10.1021/np500861u},
volume = {78},
year = {2015}
}
@article{EJOC:EJOC737,
author = {Renz, Michael and Meunier, Bernard},
doi = {10.1002/(SICI)1099-0690(199904)1999:4<737::AID-EJOC737>3.0.CO;2-B},
issn = {1099-0690},
journal = {European Journal of Organic Chemistry},
keywords = { Ketones, Monopersulfate, Peracids,Baeyer-Villiger oxidation},
number = {4},
pages = {737--750},
publisher = {WILEY-VCH Verlag GmbH},
title = {{100 Years of Baeyer–Villiger Oxidations}},
url = {http://dx.doi.org/10.1002/(SICI)1099-0690(199904)1999:4{\%}3C737::AID-EJOC737{\%}3E3.0.CO;2-B},
volume = {1999},
year = {1999}
}
@article{CHIR:CHIR39,
author = {Bolm, Carsten and Beckmann, Oliver},
doi = {10.1002/(SICI)1520-636X(2000)12:5/6<523::AID-CHIR39>3.0.CO;2-Z},
issn = {1520-636X},
journal = {Chirality},
keywords = { asymmetric synthesis, atropisomers, optically active butyrolactones, zirconium,oxygen insertion},
number = {5-6},
pages = {523--525},
publisher = {John Wiley {\&} Sons, Inc.},
title = {{Zirconium-mediated asymmetric Baeyer-Villiger oxidation}},
url = {http://dx.doi.org/10.1002/(SICI)1520-636X(2000)12:5/6{\%}3C523::AID-CHIR39{\%}3E3.0.CO;2-Z},
volume = {12},
year = {2000}
}
@article{Kim2014,
author = {Kim, Dokyoung and Xuan, Qui Pham and Moon, Hyunsoo and Jun, Yong Woong and Ahn, Kyo Han},
doi = {10.1002/ajoc.201402107},
issn = {21935807},
journal = {Asian Journal of Organic Chemistry},
month = {oct},
number = {10},
pages = {1089--1096},
title = {{Synthesis of Benzocoumarins and Characterization of Their Photophysical Properties}},
url = {http://doi.wiley.com/10.1002/ajoc.201402107},
volume = {3},
year = {2014}
}
@article{doi:10.1021/ol400877q,
annote = {PMID: 23662848},
author = {Li, Yan and Ding, Yan-Jun and Wang, Jian-Yong and Su, Yi-Ming and Wang, Xi-Sheng},
doi = {10.1021/ol400877q},
journal = {Organic Letters},
number = {11},
pages = {2574--2577},
title = {{Pd-Catalyzed C–H Lactonization for Expedient Synthesis of Biaryl Lactones and Total Synthesis of Cannabinol}},
url = {http://dx.doi.org/10.1021/ol400877q},
volume = {15},
year = {2013}
}
@incollection{Li2014,
abstract = {The most electron-rich alkyl group (more substituted carbon) migrates first.},
address = {Cham},
author = {Li, Jie Jack},
booktitle = {Name Reactions: A Collection of Detailed Mechanisms and Synthetic Applications Fifth Edition},
doi = {10.1007/978-3-319-03979-4_6},
isbn = {978-3-319-03979-4},
pages = {12--13},
publisher = {Springer International Publishing},
title = {{Baeyer--Villiger oxidation}},
url = {https://doi.org/10.1007/978-3-319-03979-4{\_}6},
year = {2014}
}
