@article{List2005,
author = {List, Benjamin and Doehring, Arno and Fonseca, Maria T. Hechavarria and Wobser, Kathrin and van Thienen, Hendrik and Torres, Ramon Rios and Galilea, Pedro Llamas},
doi = {10.1002/adsc.200505196},
issn = {1615-4150},
journal = {Advanced Synthesis {\&} Catalysis},
month = {oct},
number = {11-13},
pages = {1558--1560},
title = {{Practical Synthesis of (E)-$\alpha$,$\beta$-Unsaturated Esters from Aldehydes}},
url = {http://doi.wiley.com/10.1002/adsc.200505196},
volume = {347},
year = {2005}
}
@article{Palomo2004,
author = {Palomo, Claudio and Oiarbide, Mikel and Garc{\'{i}}a, Jes{\'{u}}s M.},
doi = {10.1039/B202901D},
issn = {0306-0012},
journal = {Chem. Soc. Rev.},
number = {2},
pages = {65--75},
title = {{Current progress in the asymmetric aldol addition reaction}},
url = {http://xlink.rsc.org/?DOI=B202901D},
volume = {33},
year = {2004}
}
@book{Wade2013,
address = {New York},
author = {Wade, L.G},
edition = {Eight},
pages = {328--390},
publisher = {Pearson},
title = {{Organic Chemistry}},
year = {2015}
}
