@book{sartori_maggi_2010,
author = {Sartori, Giovanni and Maggi, Raimondo},
publisher = {CRC Press},
title = {{Advances in Friedel-Crafts acylation reactions}},
year = {2010}
}
@misc{davenport1986process,
annote = {EP Patent App. EP19,850,303,892},
author = {Davenport, K G and Hilton, C B and Mott, G N and Keene, D L},
publisher = {Google Patents},
title = {{Process for producing 4-hydroxyacetophenone}},
url = {https://www.google.com/patents/EP0167286A1?cl=en},
year = {1986}
}
@book{Wade2013,
address = {New York},
author = {Wade, L.G},
edition = {Eight},
pages = {328--390},
publisher = {Pearson},
title = {{Organic Chemistry}},
year = {2015}
}
